/* Author        : Mahbub Alam */
/* Created       : 26/06/2018 */
/* License       : Self */
/* Description   : My bibliography file */


/* @book{call_name, */
/*     author = {}, */
/*     title = "{}", */
/*     publisher = "{}", */
/*     address = "{}", */
/*     year = "{}" */
/* } */

/* @unpublished{call_name, */
/*     author = "{}", */
/*     title = "{}", */
/*     year = "{}", */
/*     note = "{Unpublished paper}" */
/* } */

@article{macbeathrogers58,
    author = {A. M. Macbeath and C. A. Rogers},
    title = "{Siegel's Mean Value Theorem in the Geometry of Numbers}",
    journal = "{Math. Proc. Cam. Phil. Soc.}",
    volume = "{54}",
    number = "{2}",
    pages = "{139-151}",
    year = "{1958}"
}

@article{siegel45,
    author = {C. L. Siegel},
    title = "{A Mean Value Theorem in Geometry of Numbers}",
    journal = "{Ann. Math. Princeton}",
    volume = "{46}",
    pages = "{340--347}",
    year = "{1945}"
}

@article{cassels53,
    author = {J. W. S. Cassels},
    title = "{A short proof of the Minkowski-Hlawka Theorem}",
    journal = "{Proc. Cam. Phil. Soc.}",
    volume = "{49}",
    pages = "{165--166}",
    year = "{1953}"
}

@article{davenportrogers47,
    author = {H. Davenport and C. A. Rogers},
    title = "{Hlawka's Theorem in the Geometry of Numbers}",
    journal = "{Duke Math. J.}",
    volume = "{14}",
    pages = "{367--375}",
    year = "{1947}"
}

@article{mahler46,
    author = {K. Mahler},
    title = "{The Theorem of Minkowski-Hlawka}",
    journal = "{Duke Math. J.}",
    volume = "{13}",
    pages = "{611--621}",
    year = "{1946}"
}

@article{macbeathrogers55,
    author = {A. M. Macbeath and C. A. Rogers},
    title = "{A modified form of Siegel's Mean Value Theorem}",
    journal = "{Proc. Cam. Phil. Soc.}",
    volume = "{51}",
    pages = "{565--576}",
    year = "{1955}"
}

@article{rogers47,
    author = {C. A. Rogers},
    title = "{Existence Theorems in the Goemetry of Numbers}",
    journal = "{Ann. Math.}",
    volume = "{48}",
    pages = "{994--1002}",
    year = "{1947}"
}

@article{rogers55a,
    author = {C. A. Rogers},
    title = "{The moments of the numbers of points of a lattice in a bounded set}",
    journal = "{Phil. Trans. Roy. Soc. London. Ser. A.}",
    volume = "{248}",
    pages = "{225--251}",
    year = "{1955}"
}

@article{rogers55b,
    author = {C. A. Rogers},
    title = "{Mean values over the space of lattices}",
    journal = "{Acta Mathematica}",
    volume = "{94}",
    pages = "{249--287}",
    year = "{1955}"
}

@article{schmidt58,
    author = {W. Schmidt},
    title = "{On the convergence of mean values over lattices}",
    journal = "{Canad. J. Math.}",
    volume = "{10}",
    pages = "{103--110}",
    year = "{1958}"
}

@article{erdsgruberhammer89,
    author = {P. Erds and P. M. Gruber and J. Hammer},
    title = "{Lattice points}",
    journal = "{Longman Scientific \& Technical}",
    /* volume = "{46}", */
    /* pages = "{340--347}", */
    address = "{New York}"
    year = "{1989}"
}

@article{gruberlekkerkerker87,
    author = {P. M. Gruber and C. G. Lekkerkerker},
    title = "{Geometry of numbers}",
    /* journal = "{Ann. Math. Princeton}", */
    /* volume = "{46}", */
    /* pages = "{340--347}", */
    address = "{North Holland, Amsterdam}"
    year = "{1987}"
}

@article{henk90,
    author = {M. Henk},
    title = "{Inequalities between successive minima and intrinsic volumes of a convex body}",
    journal = "{Mh. Math}",
    volume = "{110}",
    pages = "{279--282}",
    year = "{1990}"
}

@article{kannanlovasz88,
    author = {R. Kannan and L. Lov\'asz},
    title = "{Covering minima and lattice-points free convex bodies}",
    journal = "{Ann. of Math.}",
    volume = "{128}",
    pages = "{577--602}",
    year = "{1988}"
}

@article{minkowski10,
    author = {H. Minkowski},
    title = "{Geometrie der Zahlen}",
    /* journal = "{Ann. Math. Princeton}", */
    address = "{Teuber, Leipzig}"
    /* volume = "{46}", */
    /* pages = "{340--347}", */
    year = "{1910}"
}

/* @article{siegel45, */
/*     author = {C. L. Siegel}, */
/*     title = "{A Mean Value Theorem in Geometry of Numbers}", */
/*     journal = "{Ann. Math. Princeton}", */
/*     volume = "{46}", */
/*     pages = "{340--347}", */
/*     year = "{1945}" */
/* } */
/* @article{siegel45, */
/*     author = {C. L. Siegel}, */
/*     title = "{A Mean Value Theorem in Geometry of Numbers}", */
/*     journal = "{Ann. Math. Princeton}", */
/*     volume = "{46}", */
/*     pages = "{340--347}", */
/*     year = "{1945}" */
/* } */

/* @article{siegel45, */
/*     author = {C. L. Siegel}, */
/*     title = "{A Mean Value Theorem in Geometry of Numbers}", */
/*     journal = "{Ann. Math. Princeton}", */
/*     volume = "{46}", */
/*     pages = "{340--347}", */
/*     year = "{1945}" */
/* } */

/* @article{siegel45, */
/*     author = {C. L. Siegel}, */
/*     title = "{A Mean Value Theorem in Geometry of Numbers}", */
/*     journal = "{Ann. Math. Princeton}", */
/*     volume = "{46}", */
/*     pages = "{340--347}", */
/*     year = "{1945}" */
/* } */

/* @article{siegel45, */
/*     author = {C. L. Siegel}, */
/*     title = "{A Mean Value Theorem in Geometry of Numbers}", */
/*     journal = "{Ann. Math. Princeton}", */
/*     volume = "{46}", */
/*     pages = "{340--347}", */
/*     year = "{1945}" */
/* } */
/* @article{siegel45, */
/*     author = {C. L. Siegel}, */
/*     title = "{A Mean Value Theorem in Geometry of Numbers}", */
/*     journal = "{Ann. Math. Princeton}", */
/*     volume = "{46}", */
/*     pages = "{340--347}", */
/*     year = "{1945}" */
/* } */

/* @article{siegel45, */
/*     author = {C. L. Siegel}, */
/*     title = "{A Mean Value Theorem in Geometry of Numbers}", */
/*     journal = "{Ann. Math. Princeton}", */
/*     volume = "{46}", */
/*     pages = "{340--347}", */
/*     year = "{1945}" */
/* } */

/* @article{siegel45, */
/*     author = {C. L. Siegel}, */
/*     title = "{A Mean Value Theorem in Geometry of Numbers}", */
/*     journal = "{Ann. Math. Princeton}", */
/*     volume = "{46}", */
/*     pages = "{340--347}", */
/*     year = "{1945}" */
/* } */

/* @article{siegel45, */
/*     author = {C. L. Siegel}, */
/*     title = "{A Mean Value Theorem in Geometry of Numbers}", */
/*     journal = "{Ann. Math. Princeton}", */
/*     volume = "{46}", */
/*     pages = "{340--347}", */
/*     year = "{1945}" */
/* } */
/* @article{siegel45, */
/*     author = {C. L. Siegel}, */
/*     title = "{A Mean Value Theorem in Geometry of Numbers}", */
/*     journal = "{Ann. Math. Princeton}", */
/*     volume = "{46}", */
/*     pages = "{340--347}", */
/*     year = "{1945}" */
/* } */

/* @article{siegel45, */
/*     author = {C. L. Siegel}, */
/*     title = "{A Mean Value Theorem in Geometry of Numbers}", */
/*     journal = "{Ann. Math. Princeton}", */
/*     volume = "{46}", */
/*     pages = "{340--347}", */
/*     year = "{1945}" */
/* } */

/* @article{siegel45, */
/*     author = {C. L. Siegel}, */
/*     title = "{A Mean Value Theorem in Geometry of Numbers}", */
/*     journal = "{Ann. Math. Princeton}", */
/*     volume = "{46}", */
/*     pages = "{340--347}", */
/*     year = "{1945}" */
/* } */

/* @article{siegel45, */
/*     author = {C. L. Siegel}, */
/*     title = "{A Mean Value Theorem in Geometry of Numbers}", */
/*     journal = "{Ann. Math. Princeton}", */
/*     volume = "{46}", */
/*     pages = "{340--347}", */
/*     year = "{1945}" */
/* } */

/* @article{siegel45, */
/*     author = {C. L. Siegel}, */
/*     title = "{A Mean Value Theorem in Geometry of Numbers}", */
/*     journal = "{Ann. Math. Princeton}", */
/*     volume = "{46}", */
/*     pages = "{340--347}", */
/*     year = "{1945}" */
/* } */

/* @article{siegel45, */
/*     author = {C. L. Siegel}, */
/*     title = "{A Mean Value Theorem in Geometry of Numbers}", */
/*     journal = "{Ann. Math. Princeton}", */
/*     volume = "{46}", */
/*     pages = "{340--347}", */
/*     year = "{1945}" */
/* } */

/* @article{siegel45, */
/*     author = {C. L. Siegel}, */
/*     title = "{A Mean Value Theorem in Geometry of Numbers}", */
/*     journal = "{Ann. Math. Princeton}", */
/*     volume = "{46}", */
/*     pages = "{340--347}", */
/*     year = "{1945}" */
/* } */

/* @article{siegel45, */
/*     author = {C. L. Siegel}, */
/*     title = "{A Mean Value Theorem in Geometry of Numbers}", */
/*     journal = "{Ann. Math. Princeton}", */
/*     volume = "{46}", */
/*     pages = "{340--347}", */
/*     year = "{1945}" */
/* } */
/* @article{siegel45, */
/*     author = {C. L. Siegel}, */
/*     title = "{A Mean Value Theorem in Geometry of Numbers}", */
/*     journal = "{Ann. Math. Princeton}", */
/*     volume = "{46}", */
/*     pages = "{340--347}", */
/*     year = "{1945}" */
/* } */

/* @article{siegel45, */
/*     author = {C. L. Siegel}, */
/*     title = "{A Mean Value Theorem in Geometry of Numbers}", */
/*     journal = "{Ann. Math. Princeton}", */
/*     volume = "{46}", */
/*     pages = "{340--347}", */
/*     year = "{1945}" */
/* } */

/* @article{siegel45, */
/*     author = {C. L. Siegel}, */
/*     title = "{A Mean Value Theorem in Geometry of Numbers}", */
/*     journal = "{Ann. Math. Princeton}", */
/*     volume = "{46}", */
/*     pages = "{340--347}", */
/*     year = "{1945}" */
/* } */

/* @article{siegel45, */
/*     author = {C. L. Siegel}, */
/*     title = "{A Mean Value Theorem in Geometry of Numbers}", */
/*     journal = "{Ann. Math. Princeton}", */
/*     volume = "{46}", */
/*     pages = "{340--347}", */
/*     year = "{1945}" */
/* } */
/* @article{siegel45, */
/*     author = {C. L. Siegel}, */
/*     title = "{A Mean Value Theorem in Geometry of Numbers}", */
/*     journal = "{Ann. Math. Princeton}", */
/*     volume = "{46}", */
/*     pages = "{340--347}", */
/*     year = "{1945}" */
/* } */

/* @article{siegel45, */
/*     author = {C. L. Siegel}, */
/*     title = "{A Mean Value Theorem in Geometry of Numbers}", */
/*     journal = "{Ann. Math. Princeton}", */
/*     volume = "{46}", */
/*     pages = "{340--347}", */
/*     year = "{1945}" */
/* } */

/* @article{siegel45, */
/*     author = {C. L. Siegel}, */
/*     title = "{A Mean Value Theorem in Geometry of Numbers}", */
/*     journal = "{Ann. Math. Princeton}", */
/*     volume = "{46}", */
/*     pages = "{340--347}", */
/*     year = "{1945}" */
/* } */

/* @article{siegel45, */
/*     author = {C. L. Siegel}, */
/*     title = "{A Mean Value Theorem in Geometry of Numbers}", */
/*     journal = "{Ann. Math. Princeton}", */
/*     volume = "{46}", */
/*     pages = "{340--347}", */
/*     year = "{1945}" */
/* } */
/* @article{siegel45, */
/*     author = {C. L. Siegel}, */
/*     title = "{A Mean Value Theorem in Geometry of Numbers}", */
/*     journal = "{Ann. Math. Princeton}", */
/*     volume = "{46}", */
/*     pages = "{340--347}", */
/*     year = "{1945}" */
/* } */

/* @article{siegel45, */
/*     author = {C. L. Siegel}, */
/*     title = "{A Mean Value Theorem in Geometry of Numbers}", */
/*     journal = "{Ann. Math. Princeton}", */
/*     volume = "{46}", */
/*     pages = "{340--347}", */
/*     year = "{1945}" */
/* } */

/* @article{siegel45, */
/*     author = {C. L. Siegel}, */
/*     title = "{A Mean Value Theorem in Geometry of Numbers}", */
/*     journal = "{Ann. Math. Princeton}", */
/*     volume = "{46}", */
/*     pages = "{340--347}", */
/*     year = "{1945}" */
/* } */

/* @article{siegel45, */
/*     author = {C. L. Siegel}, */
/*     title = "{A Mean Value Theorem in Geometry of Numbers}", */
/*     journal = "{Ann. Math. Princeton}", */
/*     volume = "{46}", */
/*     pages = "{340--347}", */
/*     year = "{1945}" */
/* } */

